<record><leader>00000cas a2200000 a 4500</leader><controlfield tag="001">19244890</controlfield><controlfield tag="008">890221d1940194utnuwr ne      0    0eng d</controlfield><datafield ind1=" " ind2=" " tag="010"><subfield code="a">sn 89058330 </subfield></datafield><datafield ind1=" " ind2=" " tag="040"><subfield code="a">KNP</subfield><subfield code="b">eng</subfield><subfield code="c">KNP</subfield><subfield code="d">TGN</subfield><subfield code="d">OCL</subfield><subfield code="d">OCLCQ</subfield><subfield code="d">OCLCF</subfield><subfield code="d">OCLCO</subfield></datafield><datafield ind1="1" ind2=" " tag="029"><subfield code="a">AU@</subfield><subfield code="b">000022177131</subfield></datafield><datafield ind1=" " ind2=" " tag="042"><subfield code="a">msc</subfield></datafield><datafield ind1=" " ind2=" " tag="043"><subfield code="a">n-us-tn</subfield></datafield><datafield ind1="0" ind2=" " tag="130"><subfield code="a">Weekly star (Clarksville, Tenn.)</subfield></datafield><datafield ind1="1" ind2="4" tag="245"><subfield code="a">The weekly star.</subfield></datafield><datafield ind1=" " ind2=" " tag="260"><subfield code="a">Clarksville, Tenn. :</subfield><subfield code="b">Leaf-Chronicle Co.</subfield></datafield><datafield ind1=" " ind2=" " tag="300"><subfield code="a">v. :</subfield><subfield code="b">ill.</subfield></datafield><datafield ind1=" " ind2=" " tag="310"><subfield code="a">Weekly</subfield></datafield><datafield ind1="1" ind2=" " tag="362"><subfield code="a">Began in Feb. 1940.</subfield></datafield><datafield ind1=" " ind2=" " tag="588"><subfield code="a">Description based on: Vol. 1, no. 7 (Mar. 28, 1940).</subfield></datafield><datafield ind1=" " ind2="0" tag="651"><subfield code="a">Clarksville (Tenn.)</subfield><subfield code="v">Newspapers.</subfield></datafield><datafield ind1=" " ind2="0" tag="651"><subfield code="a">Montgomery County (Tenn.)</subfield><subfield code="v">Newspapers.</subfield></datafield><datafield ind1=" " ind2="7" tag="655"><subfield code="a">Newspapers.</subfield><subfield code="2">fast</subfield><subfield code="0">(OCoLC)fst01423814</subfield></datafield><datafield ind1=" " ind2="7" tag="651"><subfield code="a">Tennessee</subfield><subfield code="z">Clarksville.</subfield><subfield code="2">fast</subfield><subfield code="0">(OCoLC)fst01216907</subfield></datafield><datafield ind1=" " ind2="7" tag="651"><subfield code="a">Tennessee</subfield><subfield code="z">Montgomery County.</subfield><subfield code="2">fast</subfield><subfield code="0">(OCoLC)fst01209636</subfield></datafield><datafield ind1=" " ind2=" " tag="752"><subfield code="a">United States</subfield><subfield code="b">Tennessee</subfield><subfield code="c">Montgomery</subfield><subfield code="d">Clarksville.</subfield></datafield><datafield ind1="0" ind2=" " tag="775"><subfield code="t">Clarksville leaf=chronicle (Clarksville, Tenn. : Daily)</subfield><subfield code="w">(DLC)sn 85038546</subfield></datafield><datafield ind1="0" ind2="1" tag="780"><subfield code="t">Daily star (Clarksville, Tenn.)</subfield><subfield code="w">(DLC)sn 89058329</subfield></datafield></record>